<?xml version="1.0" encoding="UTF-8"?><collection xmlns="http://www.loc.gov/MARC21/slim"><record><leader>00373nam--2200121-i-4500</leader><controlfield tag="001">000028119</controlfield><controlfield tag="002">20161230</controlfield><controlfield tag="005">20161230201037</controlfield><controlfield tag="008">060222s1000------------r-----000-0-eng-d</controlfield><datafield ind1=" " ind2=" " tag="100"><subfield code="a">Kempe Wolfgang</subfield></datafield><datafield ind1=" " ind2=" " tag="245"><subfield code="a">Modul-und dampfungsmessungen an metall-einkristallen wahrend plastischer verformung. (teza de doctorat)</subfield></datafield><datafield ind1=" " ind2=" " tag="260"><subfield code="a">Stuttgart, Technischule, 1961. 41p</subfield></datafield><datafield ind1=" " ind2=" " tag="852"><subfield code="a">17755</subfield></datafield></record></collection>